<?xml version="1.0" encoding="UTF-8"?><collection xmlns="http://www.loc.gov/MARC21/slim"><record><leader>00571nam--2200169-i-4500</leader><controlfield tag="001">000012722</controlfield><controlfield tag="002">20161230</controlfield><controlfield tag="005">20170116235549</controlfield><controlfield tag="008">060222s1000------------r-----000-0-eng-d</controlfield><datafield ind1=" " ind2=" " tag="080"><subfield code="a">539.163.2:539.164:550.378(047.3)</subfield></datafield><datafield ind1=" " ind2=" " tag="100"><subfield code="a">Acena Barrenechea, Miguel L</subfield></datafield><datafield ind1=" " ind2=" " tag="245"><subfield code="a">Espectrometria alfa de fuentes radiactigruesas II posibilidades de aplicacion al estudio de equilibrios radioactivos en minerales uranife ros</subfield></datafield><datafield ind1=" " ind2=" " tag="260"><subfield code="a">Madrid</subfield><subfield code="b">Junta De Energia Nuclear</subfield><subfield code="c">1977</subfield></datafield><datafield ind1=" " ind2=" " tag="490"><subfield code="a">391</subfield></datafield><datafield ind1=" " ind2=" " tag="700"><subfield code="a">Tormo Ferrero, M. J</subfield></datafield><datafield ind1=" " ind2=" " tag="852"><subfield code="a">13754</subfield></datafield><datafield ind1=" " ind2=" " tag="CAT"><subfield code="a">SYS</subfield><subfield code="c">20170116</subfield><subfield code="h">235549</subfield></datafield></record></collection>